@book{Cassell2000,
author = "J. Cassell and J. Sullivan and S. Prevost and E. Churchill",
title = "Embodied Conversational Agents",
publisher = "MIT Press",
year = "2000"
}

@inproceedings{Barbulescu2014,
author = "A. Barbulescu and R. Ronfard and  G. Bailly and G. Gagner\'e and  H. Cakmak",
title = "Beyond Basic Emotions: Expressive Virtual Actors with Social Attitudes",
booktitle = "ACM SIGGRAPH Conference on Motion in Games",
year =  "2014",
}

@inproceedings{Contardo2014,
author = "G. Contardo and L. Denoyer and T. Artieres and P. Gallinari",
title = "Learning States Representations in POMDP", 
booktitle = "ICLR", 
year = "2014"
}


@inproceedings{Ding2013,
author =  "Y. Ding and T. Arti\`eres and C. Pelachaud", 
title = "Modeling multimodal behaviors from speech prosody", 
booktitle = "International Conference on Intelligent Virtual Agents (IVA)", 
year = "2013"
}

@inproceedings{Fourati2013,
author = "N. Fourati and C. Pelachaud",
title = "Head, shoulders and hips behaviors during turning",
booktitle = "Worshop on Human Behavior Understanding (HBU), Springer LNCS 8212",
year = "2013", 
pages = "223-234"
}

@inproceedings{Gagner\'e2013,
author = "G. Gagner\'e and R. Ronfard and M. Desainte-Catherine",
title = " La simulation du travail th\'e\^atral et sa notation informatique",
booktitle ="La notation du travail th\'e\^atral : du manuscrit au num\'erique", 
year = "2012"
}
@article{Gillies2004,
author = "M. Gillies and I. Crabtree and D. Ballin", 
title = "Customisation and context for expressive behaviour in the broadband world",
journal = "BT Technology Journal",
volume = "22",
number = "2",
year = "2004",
pages = "7-17"
}


@book{Kendon2004,
author = "A. Kendon",
title = "Gesture: Visible Action as Utterance",
publisher = "Cambridge University Press", 
year = "2004"
}
 
article{Lee2002,
author = "J. Lee and J. Chai and P. Reitsma and J. Hodgins and N. Pollard",
year = "2002",
title = "Interactive control of avatars animated with human motion data",
journal = "ACM Transactions on Graphics, Proceedings of SIGGRAPH"
}
 
@article{Levine2010,
author  = "S. Levine and P. Krahenbuhl and S. Thrun and V. Koltun",
title = "Gesture controllers",
journal = "ACM Transactions on Graphics, Proceedings of SIGGRAPH",
volume = "29", number = "4", year = "2010"
}

@inproceedings{Liu2006,
author = "C.K. Liu and A. Hertzmann and Z.Popovic", 
title = "Composition of Complex Optimal Multi-Character Motions",
booktitle = "ACM SIGGRAPH / Eurographics Symposium on Computer Animation", 
year = "2006"
}

@article{Mateas2002,
author = "M. Mateas and A. Stern",
year = "2002",
title = "A Behavior Language for Story-Based Believable Agents",
journal = "IEEE Intelligent Systems", volume = "17",  number = "4"
}

@article{O'Reilly2012,
author= "C. O'Reilly and R. Plamondon",
title = "A Globally Optimal Estimator for the Delta-Lognormal Modeling of Fast Reaching Movements",
booktitle = "IEEE Transactions on Systems, Man, and Cybernetics, Part B",
volume = "42", 
number = "5", 
pages = "1428-1442", 
year = "2012"
}

@article{Pedica2010,
author = "C. Pedica and H. Vilhj√°lmsson", 
title = "Spontaneous Avatar Behavior for Human Territoriality",
journal  = "Applied Artificial Intelligence", 
volume = "24", number = "6",  year = "2010"
}

@inproceedings{Pinhanez2000,
author = "C. Pinhanez", 
title ="The SCD Architecture and its Use in the Design of Story-Driven Interactive Spaces",
booktitle = "Managing Interactions in Smart Environments", 
year = "2000"
}

@inproceedings{Prada2005,
author = "R. Prada and A. Paiva",
title = "Believable groups of synthetic characters",
booktitle = "Autonomous agents and multiagent systems", 
year = "2005", pages = "37-43"
}


@inproceedings{Prepin2013,
author = "K. Prepin and M. Ochs and C. Pelachaud",
title = "Beyond backchannels : co-construction of dyadic stance by recip-rocal reinforcement of smiles between virtual agents",
booktitle = "COGSCI",
year = "2013"
}

@article{Radenen2014,
author = "M. Radenen and T. Arti\`eres", 
title = "Contextual markovian models", 
journal ="Pattern Recognition Letters", 
volume = "35", pages = "236-245", year = "2014"
}

@inproceedings{Ronfard2012,
author  = "R. Ronfard", 
title = "Notation et reconnaissance des actions sc\'eniques par ordinateur",
booktitle = "La notation du travail th\'e\^atral : du manuscrit au num\'erique",
year = "2012"
}

@book{Tanenbaum2014,
author = "J. Tanenbaum and M. Seif El-Nasr and M. Nixon",
title = "Nonverbal Communication in Virtual  Worlds: Understanding and Designing Expressive Characters",
publisher = "ETC Press", 
year = "2014"
}

@article{Wiggins1979,
author = "J. Wiggins",
title = "A psychological taxonomy of trait-descriptive terms: The interpersonal domain",
booktitle = "Journal of Personality and Social Psychology", 
volume = "33", 
year = "1979"
}

